@book{2022抽象代数,
  title={抽象代数},
  author={孙笑涛},
  isbn={9787030728456},
  url={https://books.google.com.hk/books?id=zZUG0AEACAAJ},
  year={2022},
  publisher={科学出版社}
}
